@article{rahaman2025network,
  title={Network-accelerated Active Messages},
  author={Rahaman, Md Ashfaqur and Sanaee, Alireza and Thornley, Todd and Miano, Sebastiano and Antichi, Gianni and Stephens, Brent E and Stutsman, Ryan},
  journal={arXiv preprint arXiv:2509.07431},
  year={2025}
}

@inproceedings{liew2025stop,
  title={Stop Taking the Scenic Route: the Shortest Distance Between the CPU and the NIC is MMIO},
  author={Liew, Wei Siew and Rahaman, Md Ashfaqur and McMahon, James and Stutsman, Ryan and Nagarajan, Vijay},
  booktitle={Proceedings of the 2025 Workshop on Hot Topics in Operating Systems},
  pages={144--150},
  year={2025}
}

